@misc{amato,
  Author = {Gianluca Amato and Maximilian F. Hasler and Giuseppe Melfi and Maurizio Parton},
  Title = {Primitive abundant and weird numbers with many prime factors},
  Year = {2018},
  Eprint = {arXiv:1802.07178},
}

@article{dickson,
  Author = {Leonard Eugene Dickson},
  Title = {Finiteness of the Odd Perfect and Primitive Abundant Numbers with n Distinct Prime Factors},
  Publisher = {The Johns Hopkins University Press},
  Journal = {American Journal of Mathematics},
  Volume = "35",
  Number = "4",
  Year = "1913",
}

@article{erdos,
  title = {On Weird and Pseudoperfect Numbers},
  author= {S. J. Benkoski and P. Erd{\"o}s},
  year = {1974},
  Volume = "28",
  Number = "126",
  Pages = "617-623",
  Journal = "Mathematics of Computation",
}

@inproceedings{valdas,
  title = {On the number of odd primitive abundant numbers with five and six distinct prime factors},
  series = {Vilinus Conference in Combinatorics and Number Theory},
  pages = {12},
  author = {Valdas Diciunas},
  year = {2017},
}
@misc{oeis,
  title = "The On-line Encyclopedia of Integer Sequences",
  howpublished = {\url{www.oeis.org}},
  author = "N.J.A. Sloane",
} 
